@article{autor2023,
    author = {N. Autor and M. Coautor},
    title = {Desarrollo de nuevas tecnolog{\'i}as en investigaci{\'o}n cient{\'i}fica},
    journal = {IEEE Transactions on Technology and Science},
    year = {2023},
    volume = {15},
    number = {3},
    pages = {123--145},
    month = {March},
    doi = {10.1109/TTS.2023.1234567}
}

@book{otroautor2022,
    author = {A. Otro and B. Segundo},
    title = {Avances en Machine Learning: Aplicaciones Interdisciplinarias},
    publisher = {IEEE Press},
    year = {2022},
    address = {New York, NY, USA},
    edition = {2nd}
}

@inproceedings{conferencia2023,
    author = {P. Investigador and L. Colaborador},
    title = {Framework integrado para an{\'a}lisis de datos cient{\'i}ficos},
    booktitle = {Proc. IEEE International Conference on Data Science},
    year = {2023},
    pages = {45--50},
    address = {Madrid, Spain},
    month = {June}
}

@techreport{reporte2022,
    author = {R. T{\'e}cnico},
    title = {Estado del arte en algoritmos de machine learning},
    institution = {Instituto de Investigaci{\'o}n Tecnol{\'o}gica},
    year = {2022},
    number = {TR-2022-05},
    address = {Lima, Per{\'u}}
}
